@INPROCEEDINGS{Huet-1992,
  author =	 {Gérard Huet},
  title =	 {Constructive Computation Theory},
  booktitle =	 {Part I.” Course Notes, DEA Informatique,
                  Mathématiques et Applications},
  year =	 1992,
  url =		 "http://pauillac.inria.fr/~huet/CCT/"
}