@inproceedings{altenkirch_monads_2010,
	title = {Monads Need Not Be Endofunctors},
	doi = {10.1007/978-3-642-12032-9_21},
	pages = {297--311},
	booktitle = {{FOSSACS}},
	author = {Altenkirch, Thorsten and Chapman, James and Uustalu, Tarmo},
	date = 2010,
	year = 2010
}

@article{bird_bruijn_1999,
	title = {De Bruijn Notation as a Nested Datatype},
	volume = {9},
	pages = {77--91},
	number = {1},
	journaltitle = {Journal of Functional Programming},
	author = {Bird, Richard S. and Paterson, Ross},
	date = {1999}
}

@inproceedings{huet_constructive_1992,
	title = {Constructive Computation Theory},
	url = {http://pauillac.inria.fr/ huet/CCT/},
	booktitle = {Part I.” Course Notes, {DEA} Informatique, Mathématiques et Applications},
	author = {Huet, Gérard},
	date = {1992}
}